@article{CrDu20,
  author    = {Andrew Cropper and
               Sebastijan Dumancic},
  title     = {Inductive logic programming at 30: a new introduction},
  journal   = {CoRR},
  volume    = {abs/2008.07912},
  year      = {2020},
  url       = {https://arxiv.org/abs/2008.07912}
}
