@misc{parsimonious,
  author = {Erik Rose},
  title = {Parsimonious},
  year = {2012},
  publisher = {GitHub},
  journal = {GitHub repository},
  howpublished = {\url{https://github.com/erikrose/parsimonious}},
  commit = {4a4b7d4ecfda4551b0ec7a025bddcb44889bc797}
}
